{"v":"5.1.4","fr":15,"ip":0,"op":61,"w":600,"h":600,"nm":"_Keyhole","ddd":0,"assets":[{"id":"comp_47","layers":[{"ddd":0,"ind":2,"ty":3,"nm":"scale","sr":1,"ks":{"o":{"a":0,"k":0,"ix":11},"r":{"a":0,"k":0,"ix":10},"p":{"a":0,"k":[421,595.5,0],"ix":2},"a":{"a":0,"k":[0,0,0],"ix":1},"s":{"a":0,"k":[70,70,100],"ix":6}},"ao":0,"ip":0,"op":225,"st":0,"bm":0},{"ddd":0,"ind":3,"ty":5,"nm":"4544545408790878401495949087087080808707904501201065021021021054051500 2","parent":2,"sr":1,"ks":{"o":{"a":0,"k":100,"ix":11},"r":{"a":0,"k":0,"ix":10},"p":{"a":1,"k":[{"i":{"x":0.833,"y":0.833},"o":{"x":0.167,"y":0.167},"n":"0p833_0p833_0p167_0p167","t":0,"s":[427.286,-353.471,0],"e":[47,-353.471,0],"to":[0,0,0],"ti":[0,0,0]},{"t":75}],"ix":2},"a":{"a":0,"k":[0,0,0],"ix":1},"s":{"a":0,"k":[100,100,100],"ix":6}},"ao":0,"t":{"d":{"k":[{"s":{"s":31,"f":"Montserrat-Hairline","t":"4544545408790878401495949087087080808707904501201065021021021054051500","j":2,"tr":105,"lh":37.2,"ls":0,"fc":[1,1,1]},"t":0}]},"p":{},"m":{"g":1,"a":{"a":0,"k":[0,0],"ix":2}},"a":[]},"ip":0,"op":225,"st":0,"bm":0},{"ddd":0,"ind":4,"ty":5,"nm":"21321540654646046094987098749454645647977996094987098749454645647977996 2","parent":2,"sr":1,"ks":{"o":{"a":0,"k":100,"ix":11},"r":{"a":0,"k":0,"ix":10},"p":{"a":1,"k":[{"i":{"x":0.833,"y":0.833},"o":{"x":0.167,"y":0.167},"n":"0p833_0p833_0p167_0p167","t":0,"s":[579.857,-280.5,0],"e":[-307,-280.5,0],"to":[0,0,0],"ti":[0,0,0]},{"t":75}],"ix":2},"a":{"a":0,"k":[0,0,0],"ix":1},"s":{"a":0,"k":[100,100,100],"ix":6}},"ao":0,"t":{"d":{"k":[{"s":{"s":31,"f":"Montserrat-Hairline","t":"21321540654646046094987098749454645647977996094987098749454645647977996","j":2,"tr":105,"lh":37.2,"ls":0,"fc":[1,1,1]},"t":0}]},"p":{},"m":{"g":1,"a":{"a":0,"k":[0,0],"ix":2}},"a":[]},"ip":0,"op":225,"st":0,"bm":0},{"ddd":0,"ind":5,"ty":5,"nm":"781212102101040021326206205610651605455080984878894151533654452240512154646 2","parent":2,"sr":1,"ks":{"o":{"a":0,"k":100,"ix":11},"r":{"a":0,"k":0,"ix":10},"p":{"a":1,"k":[{"i":{"x":0.833,"y":0.833},"o":{"x":0.167,"y":0.167},"n":"0p833_0p833_0p167_0p167","t":0,"s":[569.571,-316.233,0],"e":[-127,-316.233,0],"to":[0,0,0],"ti":[0,0,0]},{"t":75}],"ix":2},"a":{"a":0,"k":[0,0,0],"ix":1},"s":{"a":0,"k":[100,100,100],"ix":6}},"ao":0,"t":{"d":{"k":[{"s":{"s":31,"f":"Montserrat-Hairline","t":"781212102101040021326206205610651605455080984878894151533654452240512154646","j":2,"tr":105,"lh":37.2,"ls":0,"fc":[1,1,1]},"t":0}]},"p":{},"m":{"g":1,"a":{"a":0,"k":[0,0],"ix":2}},"a":[]},"ip":0,"op":225,"st":0,"bm":0},{"ddd":0,"ind":6,"ty":5,"nm":"21321540654646046094987098749454645647977996094987098749454645647977996","parent":2,"sr":1,"ks":{"o":{"a":0,"k":100,"ix":11},"r":{"a":0,"k":0,"ix":10},"p":{"a":1,"k":[{"i":{"x":0.833,"y":0.833},"o":{"x":0.167,"y":0.167},"n":"0p833_0p833_0p167_0p167","t":0,"s":[579.857,289.5,0],"e":[-307,289.5,0],"to":[0,0,0],"ti":[0,0,0]},{"t":75}],"ix":2},"a":{"a":0,"k":[0,0,0],"ix":1},"s":{"a":0,"k":[100,100,100],"ix":6}},"ao":0,"t":{"d":{"k":[{"s":{"s":31,"f":"Montserrat-Hairline","t":"21321540654646046094987098749454645647977996094987098749454645647977996","j":2,"tr":105,"lh":37.2,"ls":0,"fc":[1,1,1]},"t":0}]},"p":{},"m":{"g":1,"a":{"a":0,"k":[0,0],"ix":2}},"a":[]},"ip":0,"op":225,"st":0,"bm":0},{"ddd":0,"ind":7,"ty":5,"nm":"781212102101040021326206205610651605455080984878894151533654452240512154646","parent":2,"sr":1,"ks":{"o":{"a":0,"k":100,"ix":11},"r":{"a":0,"k":0,"ix":10},"p":{"a":1,"k":[{"i":{"x":0.833,"y":0.833},"o":{"x":0.167,"y":0.167},"n":"0p833_0p833_0p167_0p167","t":0,"s":[569.571,253.767,0],"e":[-127,253.767,0],"to":[0,0,0],"ti":[0,0,0]},{"t":75}],"ix":2},"a":{"a":0,"k":[0,0,0],"ix":1},"s":{"a":0,"k":[100,100,100],"ix":6}},"ao":0,"t":{"d":{"k":[{"s":{"s":31,"f":"Montserrat-Hairline","t":"781212102101040021326206205610651605455080984878894151533654452240512154646","j":2,"tr":105,"lh":37.2,"ls":0,"fc":[1,1,1]},"t":0}]},"p":{},"m":{"g":1,"a":{"a":0,"k":[0,0],"ix":2}},"a":[]},"ip":0,"op":225,"st":0,"bm":0},{"ddd":0,"ind":8,"ty":5,"nm":"210213131321546540654654064984984984108478879805121233333154405155610250646161","parent":2,"sr":1,"ks":{"o":{"a":0,"k":100,"ix":11},"r":{"a":0,"k":0,"ix":10},"p":{"a":1,"k":[{"i":{"x":0.833,"y":0.833},"o":{"x":0.167,"y":0.167},"n":"0p833_0p833_0p167_0p167","t":0,"s":[-535.571,218.033,0],"e":[-67,218.033,0],"to":[0,0,0],"ti":[0,0,0]},{"t":75}],"ix":2},"a":{"a":0,"k":[0,0,0],"ix":1},"s":{"a":0,"k":[100,100,100],"ix":6}},"ao":0,"t":{"d":{"k":[{"s":{"s":31,"f":"Montserrat-Hairline","t":"210213131321546540654654064984984984108478879805121233333154405155610250646161","j":2,"tr":105,"lh":37.2,"ls":0,"fc":[1,1,1]},"t":0}]},"p":{},"m":{"g":1,"a":{"a":0,"k":[0,0],"ix":2}},"a":[]},"ip":0,"op":225,"st":0,"bm":0},{"ddd":0,"ind":9,"ty":5,"nm":"65645412148497897149879151210265465105164674094987098749454645647977996 2","parent":2,"sr":1,"ks":{"o":{"a":0,"k":100,"ix":11},"r":{"a":0,"k":0,"ix":10},"p":{"a":1,"k":[{"i":{"x":0.833,"y":0.833},"o":{"x":0.167,"y":0.167},"n":"0p833_0p833_0p167_0p167","t":0,"s":[479.571,182.3,0],"e":[-63,182.3,0],"to":[0,0,0],"ti":[0,0,0]},{"t":75}],"ix":2},"a":{"a":0,"k":[0,0,0],"ix":1},"s":{"a":0,"k":[100,100,100],"ix":6}},"ao":0,"t":{"d":{"k":[{"s":{"s":31,"f":"Montserrat-Hairline","t":"65645412148497897149879151210265465105164674094987098749454645647977996","j":2,"tr":105,"lh":37.2,"ls":0,"fc":[1,1,1]},"t":0}]},"p":{},"m":{"g":1,"a":{"a":0,"k":[0,0],"ix":2}},"a":[]},"ip":0,"op":225,"st":0,"bm":0},{"ddd":0,"ind":10,"ty":5,"nm":"97708445487646515164646613104108480988054578797843121215466456130709858980708 2","parent":2,"sr":1,"ks":{"o":{"a":0,"k":100,"ix":11},"r":{"a":0,"k":0,"ix":10},"p":{"a":1,"k":[{"i":{"x":0.833,"y":0.833},"o":{"x":0.167,"y":0.167},"n":"0p833_0p833_0p167_0p167","t":0,"s":[-511.857,146.567,0],"e":[-109,146.567,0],"to":[0,0,0],"ti":[0,0,0]},{"t":75}],"ix":2},"a":{"a":0,"k":[0,0,0],"ix":1},"s":{"a":0,"k":[100,100,100],"ix":6}},"ao":0,"t":{"d":{"k":[{"s":{"s":31,"f":"Montserrat-Hairline","t":"97708445487646515164646613104108480988054578797843121215466456130709858980708","j":2,"tr":105,"lh":37.2,"ls":0,"fc":[1,1,1]},"t":0}]},"p":{},"m":{"g":1,"a":{"a":0,"k":[0,0],"ix":2}},"a":[]},"ip":0,"op":225,"st":0,"bm":0},{"ddd":0,"ind":11,"ty":5,"nm":"421321694545401131360449404461351236546466749810021565467986646578945","parent":2,"sr":1,"ks":{"o":{"a":0,"k":100,"ix":11},"r":{"a":0,"k":0,"ix":10},"p":{"a":1,"k":[{"i":{"x":0.833,"y":0.833},"o":{"x":0.167,"y":0.167},"n":"0p833_0p833_0p167_0p167","t":0,"s":[389,-32.1,0],"e":[117,-32.1,0],"to":[0,0,0],"ti":[0,0,0]},{"t":75}],"ix":2},"a":{"a":0,"k":[0,0,0],"ix":1},"s":{"a":0,"k":[100,100,100],"ix":6}},"ao":0,"t":{"d":{"k":[{"s":{"s":31,"f":"Montserrat-Hairline","t":"421321694545401131360449404461351236546466749810021565467986646578945","j":2,"tr":105,"lh":37.2,"ls":0,"fc":[1,1,1]},"t":0}]},"p":{},"m":{"g":1,"a":{"a":0,"k":[0,0],"ix":2}},"a":[]},"ip":0,"op":225,"st":0,"bm":0},{"ddd":0,"ind":12,"ty":5,"nm":"8789709874545641651607456406549841510620563231221213121021520540565650656","parent":2,"sr":1,"ks":{"o":{"a":0,"k":100,"ix":11},"r":{"a":0,"k":0,"ix":10},"p":{"a":1,"k":[{"i":{"x":0.833,"y":0.833},"o":{"x":0.167,"y":0.167},"n":"0p833_0p833_0p167_0p167","t":0,"s":[476.143,110.833,0],"e":[-181,110.833,0],"to":[0,0,0],"ti":[0,0,0]},{"t":75}],"ix":2},"a":{"a":0,"k":[0,0,0],"ix":1},"s":{"a":0,"k":[100,100,100],"ix":6}},"ao":0,"t":{"d":{"k":[{"s":{"s":31,"f":"Montserrat-Hairline","t":"8789709874545641651607456406549841510620563231221213121021520540565650656","j":2,"tr":105,"lh":37.2,"ls":0,"fc":[1,1,1]},"t":0}]},"p":{},"m":{"g":1,"a":{"a":0,"k":[0,0],"ix":2}},"a":[]},"ip":0,"op":225,"st":0,"bm":0},{"ddd":0,"ind":13,"ty":5,"nm":"4544545408790878401495949087087080808707904501201065021021021054051500","parent":2,"sr":1,"ks":{"o":{"a":0,"k":100,"ix":11},"r":{"a":0,"k":0,"ix":10},"p":{"a":1,"k":[{"i":{"x":0.833,"y":0.833},"o":{"x":0.167,"y":0.167},"n":"0p833_0p833_0p167_0p167","t":0,"s":[427.286,75.1,0],"e":[47,75.1,0],"to":[0,0,0],"ti":[0,0,0]},{"t":75}],"ix":2},"a":{"a":0,"k":[0,0,0],"ix":1},"s":{"a":0,"k":[100,100,100],"ix":6}},"ao":0,"t":{"d":{"k":[{"s":{"s":31,"f":"Montserrat-Hairline","t":"4544545408790878401495949087087080808707904501201065021021021054051500","j":2,"tr":105,"lh":37.2,"ls":0,"fc":[1,1,1]},"t":0}]},"p":{},"m":{"g":1,"a":{"a":0,"k":[0,0],"ix":2}},"a":[]},"ip":0,"op":225,"st":0,"bm":0},{"ddd":0,"ind":14,"ty":5,"nm":"32104987987984651021002212112154046748788980498740409870041120005450454044","parent":2,"sr":1,"ks":{"o":{"a":0,"k":100,"ix":11},"r":{"a":0,"k":0,"ix":10},"p":{"a":1,"k":[{"i":{"x":0.833,"y":0.833},"o":{"x":0.167,"y":0.167},"n":"0p833_0p833_0p167_0p167","t":0,"s":[-458.143,39.367,0],"e":[-87,39.367,0],"to":[0,0,0],"ti":[0,0,0]},{"t":75}],"ix":2},"a":{"a":0,"k":[0,0,0],"ix":1},"s":{"a":0,"k":[100,100,100],"ix":6}},"ao":0,"t":{"d":{"k":[{"s":{"s":31,"f":"Montserrat-Hairline","t":"32104987987984651021002212112154046748788980498740409870041120005450454044","j":2,"tr":105,"lh":37.2,"ls":0,"fc":[1,1,1]},"t":0}]},"p":{},"m":{"g":1,"a":{"a":0,"k":[0,0],"ix":2}},"a":[]},"ip":0,"op":225,"st":0,"bm":0},{"ddd":0,"ind":15,"ty":5,"nm":"02121546060454058090970701045151542132626252154646540198708949019161231","parent":2,"sr":1,"ks":{"o":{"a":0,"k":100,"ix":11},"r":{"a":0,"k":0,"ix":10},"p":{"a":1,"k":[{"i":{"x":0.833,"y":0.833},"o":{"x":0.167,"y":0.167},"n":"0p833_0p833_0p167_0p167","t":0,"s":[-376.143,3.633,0],"e":[-85,3.633,0],"to":[0,0,0],"ti":[0,0,0]},{"t":75}],"ix":2},"a":{"a":0,"k":[0,0,0],"ix":1},"s":{"a":0,"k":[100,100,100],"ix":6}},"ao":0,"t":{"d":{"k":[{"s":{"s":31,"f":"Montserrat-Hairline","t":"02121546060454058090970701045151542132626252154646540198708949019161231","j":2,"tr":105,"lh":37.2,"ls":0,"fc":[1,1,1]},"t":0}]},"p":{},"m":{"g":1,"a":{"a":0,"k":[0,0],"ix":2}},"a":[]},"ip":0,"op":225,"st":0,"bm":0},{"ddd":0,"ind":16,"ty":5,"nm":"1021021545303101110121210085406512131684855221608096906130135102021540504","parent":2,"sr":1,"ks":{"o":{"a":0,"k":100,"ix":11},"r":{"a":0,"k":0,"ix":10},"p":{"a":1,"k":[{"i":{"x":0.833,"y":0.833},"o":{"x":0.167,"y":0.167},"n":"0p833_0p833_0p167_0p167","t":0,"s":[-139,-67.833,0],"e":[375,-67.833,0],"to":[0,0,0],"ti":[0,0,0]},{"t":75}],"ix":2},"a":{"a":0,"k":[0,0,0],"ix":1},"s":{"a":0,"k":[100,100,100],"ix":6}},"ao":0,"t":{"d":{"k":[{"s":{"s":31,"f":"Montserrat-Hairline","t":"1021021545303101110121210085406512131684855221608096906130135102021540504","j":2,"tr":105,"lh":37.2,"ls":0,"fc":[1,1,1]},"t":0}]},"p":{},"m":{"g":1,"a":{"a":0,"k":[0,0],"ix":2}},"a":[]},"ip":0,"op":225,"st":0,"bm":0},{"ddd":0,"ind":17,"ty":5,"nm":"65645412148497897149879151210265465105164674094987098749454645647977996","parent":2,"sr":1,"ks":{"o":{"a":0,"k":100,"ix":11},"r":{"a":0,"k":0,"ix":10},"p":{"a":1,"k":[{"i":{"x":0.833,"y":0.833},"o":{"x":0.167,"y":0.167},"n":"0p833_0p833_0p167_0p167","t":0,"s":[-396.714,-103.567,0],"e":[105,-103.567,0],"to":[0,0,0],"ti":[0,0,0]},{"t":75}],"ix":2},"a":{"a":0,"k":[0,0,0],"ix":1},"s":{"a":0,"k":[100,100,100],"ix":6}},"ao":0,"t":{"d":{"k":[{"s":{"s":31,"f":"Montserrat-Hairline","t":"65645412148497897149879151210265465105164674094987098749454645647977996","j":2,"tr":105,"lh":37.2,"ls":0,"fc":[1,1,1]},"t":0}]},"p":{},"m":{"g":1,"a":{"a":0,"k":[0,0],"ix":2}},"a":[]},"ip":0,"op":225,"st":0,"bm":0},{"ddd":0,"ind":18,"ty":5,"nm":"97708445487646515164646613104108480988054578797843121215466456130709858980708","parent":2,"sr":1,"ks":{"o":{"a":0,"k":100,"ix":11},"r":{"a":0,"k":0,"ix":10},"p":{"a":1,"k":[{"i":{"x":0.833,"y":0.833},"o":{"x":0.167,"y":0.167},"n":"0p833_0p833_0p167_0p167","t":0,"s":[466.143,-139.3,0],"e":[-29,-139.3,0],"to":[0,0,0],"ti":[0,0,0]},{"t":75}],"ix":2},"a":{"a":0,"k":[0,0,0],"ix":1},"s":{"a":0,"k":[100,100,100],"ix":6}},"ao":0,"t":{"d":{"k":[{"s":{"s":31,"f":"Montserrat-Hairline","t":"97708445487646515164646613104108480988054578797843121215466456130709858980708","j":2,"tr":105,"lh":37.2,"ls":0,"fc":[1,1,1]},"t":0}]},"p":{},"m":{"g":1,"a":{"a":0,"k":[0,0],"ix":2}},"a":[]},"ip":0,"op":225,"st":0,"bm":0},{"ddd":0,"ind":19,"ty":5,"nm":"54578797843121215466456130709858980708977084454876465151646466131041084809880","parent":2,"sr":1,"ks":{"o":{"a":0,"k":100,"ix":11},"r":{"a":0,"k":0,"ix":10},"p":{"a":1,"k":[{"i":{"x":0.833,"y":0.833},"o":{"x":0.167,"y":0.167},"n":"0p833_0p833_0p167_0p167","t":0,"s":[-453.286,-175.033,0],"e":[-33,-175.033,0],"to":[0,0,0],"ti":[0,0,0]},{"t":75}],"ix":2},"a":{"a":0,"k":[0,0,0],"ix":1},"s":{"a":0,"k":[100,100,100],"ix":6}},"ao":0,"t":{"d":{"k":[{"s":{"s":31,"f":"Montserrat-Hairline","t":"54578797843121215466456130709858980708977084454876465151646466131041084809880","j":2,"tr":105,"lh":37.2,"ls":0,"fc":[1,1,1]},"t":0}]},"p":{},"m":{"g":1,"a":{"a":0,"k":[0,0],"ix":2}},"a":[]},"ip":0,"op":225,"st":0,"bm":0},{"ddd":0,"ind":20,"ty":5,"nm":"212032134460303487941646316548451531000161234125698797121684987461312484","parent":2,"sr":1,"ks":{"o":{"a":0,"k":100,"ix":11},"r":{"a":0,"k":0,"ix":10},"p":{"a":1,"k":[{"i":{"x":0.833,"y":0.833},"o":{"x":0.167,"y":0.167},"n":"0p833_0p833_0p167_0p167","t":0,"s":[377.857,-210.767,0],"e":[11,-210.767,0],"to":[0,0,0],"ti":[0,0,0]},{"t":75}],"ix":2},"a":{"a":0,"k":[0,0,0],"ix":1},"s":{"a":0,"k":[100,100,100],"ix":6}},"ao":0,"t":{"d":{"k":[{"s":{"s":31,"f":"Montserrat-Hairline","t":"212032134460303487941646316548451531000161234125698797121684987461312484","j":2,"tr":105,"lh":37.2,"ls":0,"fc":[1,1,1]},"t":0}]},"p":{},"m":{"g":1,"a":{"a":0,"k":[0,0],"ix":2}},"a":[]},"ip":0,"op":225,"st":0,"bm":0},{"ddd":0,"ind":21,"ty":5,"nm":"12365464667498100215654679866465789454213216945454011313604494+04+46135","parent":2,"sr":1,"ks":{"o":{"a":0,"k":100,"ix":11},"r":{"a":0,"k":0,"ix":10},"p":{"a":1,"k":[{"i":{"x":0.833,"y":0.833},"o":{"x":0.167,"y":0.167},"n":"0p833_0p833_0p167_0p167","t":0,"s":[401,-246.5,0],"e":[133,-246.5,0],"to":[0,0,0],"ti":[0,0,0]},{"t":75}],"ix":2},"a":{"a":0,"k":[0,0,0],"ix":1},"s":{"a":0,"k":[100,100,100],"ix":6}},"ao":0,"t":{"d":{"k":[{"s":{"s":31,"f":"Montserrat-Hairline","t":"12365464667498100215654679866465789454213216945454011313604494+04+46135","j":2,"tr":105,"lh":37.2,"ls":0,"fc":[1,1,1]},"t":0}]},"p":{},"m":{"g":1,"a":{"a":0,"k":[0,0],"ix":2}},"a":[]},"ip":0,"op":225,"st":0,"bm":0},{"ddd":0,"ind":22,"ty":5,"nm":"65645412148497897149879151210265465105164674094987098749454645647977996 3","parent":2,"sr":1,"ks":{"o":{"a":0,"k":100,"ix":11},"r":{"a":0,"k":0,"ix":10},"p":{"a":1,"k":[{"i":{"x":0.833,"y":0.833},"o":{"x":0.167,"y":0.167},"n":"0p833_0p833_0p167_0p167","t":0,"s":[-213.857,395.005,0],"e":[287.857,395.005,0],"to":[0,0,0],"ti":[0,0,0]},{"t":75}],"ix":2},"a":{"a":0,"k":[0,0,0],"ix":1},"s":{"a":0,"k":[100,100,100],"ix":6}},"ao":0,"t":{"d":{"k":[{"s":{"s":31,"f":"Montserrat-Hairline","t":"65645412148497897149879151210265465105164674094987098749454645647977996","j":2,"tr":105,"lh":37.2,"ls":0,"fc":[1,1,1]},"t":0}]},"p":{},"m":{"g":1,"a":{"a":0,"k":[0,0],"ix":2}},"a":[]},"ip":0,"op":225,"st":0,"bm":0},{"ddd":0,"ind":23,"ty":5,"nm":"97708445487646515164646613104108480988054578797843121215466456130709858980708 3","parent":2,"sr":1,"ks":{"o":{"a":0,"k":100,"ix":11},"r":{"a":0,"k":0,"ix":10},"p":{"a":1,"k":[{"i":{"x":0.833,"y":0.833},"o":{"x":0.167,"y":0.167},"n":"0p833_0p833_0p167_0p167","t":0,"s":[649,359.271,0],"e":[153.857,359.271,0],"to":[0,0,0],"ti":[0,0,0]},{"t":75}],"ix":2},"a":{"a":0,"k":[0,0,0],"ix":1},"s":{"a":0,"k":[100,100,100],"ix":6}},"ao":0,"t":{"d":{"k":[{"s":{"s":31,"f":"Montserrat-Hairline","t":"97708445487646515164646613104108480988054578797843121215466456130709858980708","j":2,"tr":105,"lh":37.2,"ls":0,"fc":[1,1,1]},"t":0}]},"p":{},"m":{"g":1,"a":{"a":0,"k":[0,0],"ix":2}},"a":[]},"ip":0,"op":225,"st":0,"bm":0},{"ddd":0,"ind":24,"ty":5,"nm":"54578797843121215466456130709858980708977084454876465151646466131041084809880 2","parent":2,"sr":1,"ks":{"o":{"a":0,"k":100,"ix":11},"r":{"a":0,"k":0,"ix":10},"p":{"a":1,"k":[{"i":{"x":0.833,"y":0.833},"o":{"x":0.167,"y":0.167},"n":"0p833_0p833_0p167_0p167","t":0,"s":[-270.429,323.538,0],"e":[149.857,323.538,0],"to":[0,0,0],"ti":[0,0,0]},{"t":75}],"ix":2},"a":{"a":0,"k":[0,0,0],"ix":1},"s":{"a":0,"k":[100,100,100],"ix":6}},"ao":0,"t":{"d":{"k":[{"s":{"s":31,"f":"Montserrat-Hairline","t":"54578797843121215466456130709858980708977084454876465151646466131041084809880","j":2,"tr":105,"lh":37.2,"ls":0,"fc":[1,1,1]},"t":0}]},"p":{},"m":{"g":1,"a":{"a":0,"k":[0,0],"ix":2}},"a":[]},"ip":0,"op":225,"st":0,"bm":0},{"ddd":0,"ind":25,"ty":5,"nm":"65645412148497897149879151210265465105164674094987098749454645647977996 4","parent":2,"sr":1,"ks":{"o":{"a":0,"k":100,"ix":11},"r":{"a":0,"k":0,"ix":10},"p":{"a":1,"k":[{"i":{"x":0.833,"y":0.833},"o":{"x":0.167,"y":0.167},"n":"0p833_0p833_0p167_0p167","t":0,"s":[257.571,432.148,0],"e":[539.286,432.148,0],"to":[0,0,0],"ti":[0,0,0]},{"t":75}],"ix":2},"a":{"a":0,"k":[0,0,0],"ix":1},"s":{"a":0,"k":[100,100,100],"ix":6}},"ao":0,"t":{"d":{"k":[{"s":{"s":31,"f":"Montserrat-Hairline","t":"65645412148497897149879151210265465105164674094987098749454645647977996","j":2,"tr":105,"lh":37.2,"ls":0,"fc":[1,1,1]},"t":0}]},"p":{},"m":{"g":1,"a":{"a":0,"k":[0,0],"ix":2}},"a":[]},"ip":0,"op":225,"st":0,"bm":0}]}],"fonts":{"list":[{"fName":"Montserrat-Hairline","fFamily":"Montserrat","fStyle":"Hairline","ascent":74.1989135742188}]},"layers":[{"ddd":0,"ind":1,"ty":4,"nm":"keyhole Outlines","parent":11,"sr":1,"ks":{"o":{"a":0,"k":100,"ix":11},"r":{"a":0,"k":0,"ix":10},"p":{"a":0,"k":[428.98,623.027,0],"ix":2},"a":{"a":0,"k":[36.347,74.873,0],"ix":1},"s":{"a":0,"k":[100,100,100],"ix":6}},"ao":0,"shapes":[{"ty":"gr","it":[{"ind":0,"ty":"sh","ix":1,"ks":{"a":0,"k":{"i":[[0,13.9],[18.694,0],[0,-18.706],[-11.971,-5.22],[0,0],[0,0],[0,0]],"o":[[0,-18.706],[-18.693,0],[0,13.9],[0,0],[0,0],[0,0],[11.971,-5.22]],"v":[[33.847,-38.503],[0,-72.373],[-33.847,-38.503],[-13.504,-7.445],[-25.296,72.373],[25.296,72.373],[13.505,-7.445]],"c":true},"ix":2},"nm":"Path 1","mn":"ADBE Vector Shape - Group","hd":false},{"ty":"st","c":{"a":0,"k":[1,1,1,1],"ix":3},"o":{"a":0,"k":100,"ix":4},"w":{"a":0,"k":1,"ix":5},"lc":1,"lj":1,"ml":10,"nm":"Stroke 1","mn":"ADBE Vector Graphic - Stroke","hd":false},{"ty":"tr","p":{"a":0,"k":[36.347,74.873],"ix":2},"a":{"a":0,"k":[0,0],"ix":1},"s":{"a":0,"k":[100,100],"ix":3},"r":{"a":0,"k":0,"ix":6},"o":{"a":0,"k":100,"ix":7},"sk":{"a":0,"k":0,"ix":4},"sa":{"a":0,"k":0,"ix":5},"nm":"Transform"}],"nm":"Group 1","np":2,"cix":2,"ix":1,"mn":"ADBE Vector Group","hd":false}],"ip":0,"op":150,"st":0,"bm":0},{"ddd":0,"ind":2,"ty":4,"nm":"Shield Outlines","parent":11,"sr":1,"ks":{"o":{"a":0,"k":100,"ix":11},"r":{"a":0,"k":0,"ix":10},"p":{"a":0,"k":[428.163,609.453,0],"ix":2},"a":{"a":0,"k":[230.553,297.5,0],"ix":1},"s":{"a":0,"k":[100,100,100],"ix":6}},"ao":0,"shapes":[{"ty":"gr","it":[{"ind":0,"ty":"sh","ix":1,"ks":{"a":0,"k":{"i":[[1.296,4.751],[58.093,23.972],[5.727,3.632],[0,0],[0.14,-0.089],[0,0],[0,0],[55.344,-22.837],[1.296,-4.751],[-20.863,-61.839],[-29.117,-38.36],[-14.731,-12.534],[-1.289,-0.924],[0,0],[-0.133,0.113],[0,0],[0,0],[-11.111,8.854],[-28.395,38.899],[-19.427,62.303]],"o":[[-1.296,-4.751],[-55.344,-22.837],[0,0],[0,0],[-0.14,-0.089],[0,0],[-5.727,3.632],[-58.093,23.972],[-1.296,4.751],[21.321,63.198],[26.418,34.806],[10.908,9.281],[0,0],[0,0],[0.163,0.115],[0,0],[1.248,-1.052],[13.821,-11.015],[29.089,-39.846],[21.439,-68.755]],"v":[[226.757,-189.612],[123.097,-229.349],[0.216,-294.725],[0.216,-295],[0,-294.862],[-0.216,-295],[-0.216,-294.725],[-123.097,-229.349],[-226.757,-189.612],[-201.706,3.888],[-119.641,170.607],[-16.845,281.179],[-0.216,294.698],[-0.216,295],[-0.023,294.835],[0.216,295],[0.216,294.633],[16.845,281.179],[119.641,170.607],[201.705,3.888]],"c":true},"ix":2},"nm":"Path 1","mn":"ADBE Vector Shape - Group","hd":false},{"ty":"st","c":{"a":0,"k":[1,1,1,1],"ix":3},"o":{"a":0,"k":100,"ix":4},"w":{"a":0,"k":1,"ix":5},"lc":1,"lj":1,"ml":10,"nm":"Stroke 1","mn":"ADBE Vector Graphic - Stroke","hd":false},{"ty":"tr","p":{"a":0,"k":[230.553,297.5],"ix":2},"a":{"a":0,"k":[0,0],"ix":1},"s":{"a":0,"k":[100,100],"ix":3},"r":{"a":0,"k":0,"ix":6},"o":{"a":0,"k":100,"ix":7},"sk":{"a":0,"k":0,"ix":4},"sa":{"a":0,"k":0,"ix":5},"nm":"Transform"}],"nm":"Group 1","np":2,"cix":2,"ix":1,"mn":"ADBE Vector Group","hd":false}],"ip":0,"op":150,"st":0,"bm":0},{"ddd":0,"ind":3,"ty":4,"nm":"keyhole Outlines 3","parent":11,"td":1,"sr":1,"ks":{"o":{"a":0,"k":100,"ix":11},"r":{"a":0,"k":0,"ix":10},"p":{"a":0,"k":[428.98,623.027,0],"ix":2},"a":{"a":0,"k":[36.347,74.873,0],"ix":1},"s":{"a":0,"k":[100,100,100],"ix":6}},"ao":0,"shapes":[{"ty":"gr","it":[{"ind":0,"ty":"sh","ix":1,"ks":{"a":0,"k":{"i":[[0,13.9],[18.694,0],[0,-18.706],[-11.971,-5.22],[0,0],[0,0],[0,0]],"o":[[0,-18.706],[-18.693,0],[0,13.9],[0,0],[0,0],[0,0],[11.971,-5.22]],"v":[[33.847,-38.503],[0,-72.373],[-33.847,-38.503],[-13.504,-7.445],[-25.296,72.373],[25.296,72.373],[13.505,-7.445]],"c":true},"ix":2},"nm":"Path 1","mn":"ADBE Vector Shape - Group","hd":false},{"ty":"fl","c":{"a":0,"k":[1,0,0,1],"ix":4},"o":{"a":0,"k":100,"ix":5},"r":1,"nm":"Fill 1","mn":"ADBE Vector Graphic - Fill","hd":false},{"ty":"tr","p":{"a":0,"k":[36.347,74.873],"ix":2},"a":{"a":0,"k":[0,0],"ix":1},"s":{"a":0,"k":[100,100],"ix":3},"r":{"a":0,"k":0,"ix":6},"o":{"a":0,"k":100,"ix":7},"sk":{"a":0,"k":0,"ix":4},"sa":{"a":0,"k":0,"ix":5},"nm":"Transform"}],"nm":"Group 1","np":3,"cix":2,"ix":1,"mn":"ADBE Vector Group","hd":false}],"ip":0,"op":150,"st":0,"bm":0},{"ddd":0,"ind":4,"ty":0,"nm":"cyphers","parent":11,"tt":1,"refId":"comp_47","sr":1,"ks":{"o":{"a":0,"k":100,"ix":11},"r":{"a":0,"k":0,"ix":10},"p":{"a":0,"k":[421,595.5,0],"ix":2},"a":{"a":0,"k":[421,595.5,0],"ix":1},"s":{"a":0,"k":[100,100,100],"ix":6}},"ao":0,"hasMask":true,"masksProperties":[{"inv":false,"mode":"n","pt":{"a":1,"k":[{"i":{"x":0.833,"y":0.833},"o":{"x":0.167,"y":0.167},"n":"0p833_0p833_0p167_0p167","t":21,"s":[{"i":[[0,0],[0,0],[0,0],[0,0]],"o":[[0,0],[0,0],[0,0],[0,0]],"v":[[662,550],[200,550],[200,912],[662,912]],"c":true}],"e":[{"i":[[0,0],[0,0],[0,0],[0,0]],"o":[[0,0],[0,0],[0,0],[0,0]],"v":[[662,698],[200,698],[200,912],[662,912]],"c":true}]},{"t":34}],"ix":1},"o":{"a":0,"k":100,"ix":3},"x":{"a":0,"k":0,"ix":4},"nm":"Mask 1"}],"ef":[{"ty":21,"nm":"Fill","np":9,"mn":"ADBE Fill","ix":1,"en":1,"ef":[{"ty":10,"nm":"Fill Mask","mn":"ADBE Fill-0001","ix":1,"v":{"a":0,"k":0,"ix":1}},{"ty":7,"nm":"All Masks","mn":"ADBE Fill-0007","ix":2,"v":{"a":0,"k":0,"ix":2}},{"ty":2,"nm":"Color","mn":"ADBE Fill-0002","ix":3,"v":{"a":0,"k":[1,1,1,1],"ix":3}},{"ty":7,"nm":"Invert","mn":"ADBE Fill-0006","ix":4,"v":{"a":0,"k":0,"ix":4}},{"ty":0,"nm":"Horizontal Feather","mn":"ADBE Fill-0003","ix":5,"v":{"a":0,"k":0,"ix":5}},{"ty":0,"nm":"Vertical Feather","mn":"ADBE Fill-0004","ix":6,"v":{"a":0,"k":0,"ix":6}},{"ty":0,"nm":"Opacity","mn":"ADBE Fill-0005","ix":7,"v":{"a":0,"k":1,"ix":7}}]},{"ty":25,"nm":"Drop Shadow","np":9,"mn":"ADBE Drop Shadow","ix":2,"en":1,"ef":[{"ty":2,"nm":"Shadow Color","mn":"ADBE Drop Shadow-0001","ix":1,"v":{"a":0,"k":[1,1,1,1],"ix":1}},{"ty":0,"nm":"Opacity","mn":"ADBE Drop Shadow-0002","ix":2,"v":{"a":0,"k":255,"ix":2}},{"ty":0,"nm":"Direction","mn":"ADBE Drop Shadow-0003","ix":3,"v":{"a":0,"k":135,"ix":3}},{"ty":0,"nm":"Distance","mn":"ADBE Drop Shadow-0004","ix":4,"v":{"a":0,"k":0.6,"ix":4}},{"ty":0,"nm":"Softness","mn":"ADBE Drop Shadow-0005","ix":5,"v":{"a":0,"k":0,"ix":5}},{"ty":7,"nm":"Shadow Only","mn":"ADBE Drop Shadow-0006","ix":6,"v":{"a":0,"k":0,"ix":6}},{"ty":7,"nm":"GPU Rendering","mn":"ADBE Force CPU GPU","ix":7,"v":{"a":0,"k":1,"ix":7}}]},{"ty":25,"nm":"Drop Shadow 2","np":9,"mn":"ADBE Drop Shadow","ix":3,"en":1,"ef":[{"ty":2,"nm":"Shadow Color","mn":"ADBE Drop Shadow-0001","ix":1,"v":{"a":0,"k":[1,1,1,1],"ix":1}},{"ty":0,"nm":"Opacity","mn":"ADBE Drop Shadow-0002","ix":2,"v":{"a":0,"k":255,"ix":2}},{"ty":0,"nm":"Direction","mn":"ADBE Drop Shadow-0003","ix":3,"v":{"a":0,"k":135,"ix":3}},{"ty":0,"nm":"Distance","mn":"ADBE Drop Shadow-0004","ix":4,"v":{"a":0,"k":0.6,"ix":4}},{"ty":0,"nm":"Softness","mn":"ADBE Drop Shadow-0005","ix":5,"v":{"a":0,"k":0,"ix":5}},{"ty":7,"nm":"Shadow Only","mn":"ADBE Drop Shadow-0006","ix":6,"v":{"a":0,"k":0,"ix":6}},{"ty":7,"nm":"GPU Rendering","mn":"ADBE Force CPU GPU","ix":7,"v":{"a":0,"k":1,"ix":7}}]},{"ty":5,"nm":"Linear Wipe","np":5,"mn":"ADBE Linear Wipe","ix":4,"en":0,"ef":[{"ty":0,"nm":"Transition Completion","mn":"ADBE Linear Wipe-0001","ix":1,"v":{"a":1,"k":[{"i":{"x":[0.833],"y":[0.833]},"o":{"x":[0.167],"y":[0.167]},"n":["0p833_0p833_0p167_0p167"],"t":21,"s":[45.4],"e":[59.7]},{"t":34}],"ix":1}},{"ty":0,"nm":"Wipe Angle","mn":"ADBE Linear Wipe-0002","ix":2,"v":{"a":0,"k":1980,"ix":2}},{"ty":0,"nm":"Feather","mn":"ADBE Linear Wipe-0003","ix":3,"v":{"a":0,"k":0,"ix":3}}]}],"w":842,"h":1191,"ip":0,"op":26,"st":-40,"bm":0},{"ddd":0,"ind":5,"ty":4,"nm":"keyhole Outlines 2","parent":11,"td":1,"sr":1,"ks":{"o":{"a":0,"k":100,"ix":11},"r":{"a":0,"k":0,"ix":10},"p":{"a":0,"k":[428.98,623.027,0],"ix":2},"a":{"a":0,"k":[36.347,74.873,0],"ix":1},"s":{"a":0,"k":[100,100,100],"ix":6}},"ao":0,"shapes":[{"ty":"gr","it":[{"ind":0,"ty":"sh","ix":1,"ks":{"a":0,"k":{"i":[[0,13.9],[18.694,0],[0,-18.706],[-11.971,-5.22],[0,0],[0,0],[0,0]],"o":[[0,-18.706],[-18.693,0],[0,13.9],[0,0],[0,0],[0,0],[11.971,-5.22]],"v":[[33.847,-38.503],[0,-72.373],[-33.847,-38.503],[-13.504,-7.445],[-25.296,72.373],[25.296,72.373],[13.505,-7.445]],"c":true},"ix":2},"nm":"Path 1","mn":"ADBE Vector Shape - Group","hd":false},{"ty":"fl","c":{"a":0,"k":[1,0,0,1],"ix":4},"o":{"a":0,"k":100,"ix":5},"r":1,"nm":"Fill 1","mn":"ADBE Vector Graphic - Fill","hd":false},{"ty":"tr","p":{"a":0,"k":[36.347,74.873],"ix":2},"a":{"a":0,"k":[0,0],"ix":1},"s":{"a":0,"k":[100,100],"ix":3},"r":{"a":0,"k":0,"ix":6},"o":{"a":0,"k":100,"ix":7},"sk":{"a":0,"k":0,"ix":4},"sa":{"a":0,"k":0,"ix":5},"nm":"Transform"}],"nm":"Group 1","np":3,"cix":2,"ix":1,"mn":"ADBE Vector Group","hd":false}],"ip":0,"op":150,"st":0,"bm":0},{"ddd":0,"ind":6,"ty":0,"nm":"cyphers","parent":11,"tt":1,"refId":"comp_47","sr":1,"ks":{"o":{"a":0,"k":100,"ix":11},"r":{"a":0,"k":0,"ix":10},"p":{"a":0,"k":[421,595.5,0],"ix":2},"a":{"a":0,"k":[421,595.5,0],"ix":1},"s":{"a":0,"k":[100,100,100],"ix":6}},"ao":0,"hasMask":true,"masksProperties":[{"inv":true,"mode":"n","pt":{"a":1,"k":[{"i":{"x":0.833,"y":0.833},"o":{"x":0.167,"y":0.167},"n":"0p833_0p833_0p167_0p167","t":21,"s":[{"i":[[0,0],[0,0],[0,0],[0,0]],"o":[[0,0],[0,0],[0,0],[0,0]],"v":[[662,550],[200,550],[200,912],[662,912]],"c":true}],"e":[{"i":[[0,0],[0,0],[0,0],[0,0]],"o":[[0,0],[0,0],[0,0],[0,0]],"v":[[662,698],[200,698],[200,912],[662,912]],"c":true}]},{"t":34}],"ix":1},"o":{"a":0,"k":100,"ix":3},"x":{"a":0,"k":0,"ix":4},"nm":"Mask 1"}],"ef":[{"ty":21,"nm":"Fill","np":9,"mn":"ADBE Fill","ix":1,"en":1,"ef":[{"ty":10,"nm":"Fill Mask","mn":"ADBE Fill-0001","ix":1,"v":{"a":0,"k":0,"ix":1}},{"ty":7,"nm":"All Masks","mn":"ADBE Fill-0007","ix":2,"v":{"a":0,"k":0,"ix":2}},{"ty":2,"nm":"Color","mn":"ADBE Fill-0002","ix":3,"v":{"a":0,"k":[1,1,1,1],"ix":3}},{"ty":7,"nm":"Invert","mn":"ADBE Fill-0006","ix":4,"v":{"a":0,"k":0,"ix":4}},{"ty":0,"nm":"Horizontal Feather","mn":"ADBE Fill-0003","ix":5,"v":{"a":0,"k":0,"ix":5}},{"ty":0,"nm":"Vertical Feather","mn":"ADBE Fill-0004","ix":6,"v":{"a":0,"k":0,"ix":6}},{"ty":0,"nm":"Opacity","mn":"ADBE Fill-0005","ix":7,"v":{"a":0,"k":1,"ix":7}}]},{"ty":25,"nm":"Drop Shadow","np":9,"mn":"ADBE Drop Shadow","ix":2,"en":1,"ef":[{"ty":2,"nm":"Shadow Color","mn":"ADBE Drop Shadow-0001","ix":1,"v":{"a":0,"k":[1,1,1,1],"ix":1}},{"ty":0,"nm":"Opacity","mn":"ADBE Drop Shadow-0002","ix":2,"v":{"a":0,"k":255,"ix":2}},{"ty":0,"nm":"Direction","mn":"ADBE Drop Shadow-0003","ix":3,"v":{"a":0,"k":135,"ix":3}},{"ty":0,"nm":"Distance","mn":"ADBE Drop Shadow-0004","ix":4,"v":{"a":0,"k":0.6,"ix":4}},{"ty":0,"nm":"Softness","mn":"ADBE Drop Shadow-0005","ix":5,"v":{"a":0,"k":0,"ix":5}},{"ty":7,"nm":"Shadow Only","mn":"ADBE Drop Shadow-0006","ix":6,"v":{"a":0,"k":0,"ix":6}},{"ty":7,"nm":"GPU Rendering","mn":"ADBE Force CPU GPU","ix":7,"v":{"a":0,"k":1,"ix":7}}]},{"ty":25,"nm":"Drop Shadow 2","np":9,"mn":"ADBE Drop Shadow","ix":3,"en":1,"ef":[{"ty":2,"nm":"Shadow Color","mn":"ADBE Drop Shadow-0001","ix":1,"v":{"a":0,"k":[1,1,1,1],"ix":1}},{"ty":0,"nm":"Opacity","mn":"ADBE Drop Shadow-0002","ix":2,"v":{"a":0,"k":255,"ix":2}},{"ty":0,"nm":"Direction","mn":"ADBE Drop Shadow-0003","ix":3,"v":{"a":0,"k":135,"ix":3}},{"ty":0,"nm":"Distance","mn":"ADBE Drop Shadow-0004","ix":4,"v":{"a":0,"k":0.6,"ix":4}},{"ty":0,"nm":"Softness","mn":"ADBE Drop Shadow-0005","ix":5,"v":{"a":0,"k":0,"ix":5}},{"ty":7,"nm":"Shadow Only","mn":"ADBE Drop Shadow-0006","ix":6,"v":{"a":0,"k":0,"ix":6}},{"ty":7,"nm":"GPU Rendering","mn":"ADBE Force CPU GPU","ix":7,"v":{"a":0,"k":1,"ix":7}}]},{"ty":5,"nm":"Linear Wipe","np":5,"mn":"ADBE Linear Wipe","ix":4,"en":0,"ef":[{"ty":0,"nm":"Transition Completion","mn":"ADBE Linear Wipe-0001","ix":1,"v":{"a":1,"k":[{"i":{"x":[0.833],"y":[0.833]},"o":{"x":[0.167],"y":[0.167]},"n":["0p833_0p833_0p167_0p167"],"t":21,"s":[54.489],"e":[40.708]},{"t":34}],"ix":1}},{"ty":0,"nm":"Wipe Angle","mn":"ADBE Linear Wipe-0002","ix":2,"v":{"a":0,"k":1800,"ix":2}},{"ty":0,"nm":"Feather","mn":"ADBE Linear Wipe-0003","ix":3,"v":{"a":0,"k":0,"ix":3}}]}],"w":842,"h":1191,"ip":26,"op":62,"st":21,"bm":0},{"ddd":0,"ind":7,"ty":4,"nm":"Shield Outlines 3","parent":11,"td":1,"sr":1,"ks":{"o":{"a":0,"k":100,"ix":11},"r":{"a":0,"k":0,"ix":10},"p":{"a":0,"k":[428.163,609.453,0],"ix":2},"a":{"a":0,"k":[230.553,297.5,0],"ix":1},"s":{"a":0,"k":[100,100,100],"ix":6}},"ao":0,"shapes":[{"ty":"gr","it":[{"ind":0,"ty":"sh","ix":1,"ks":{"a":0,"k":{"i":[[1.296,4.751],[58.093,23.972],[5.727,3.632],[0,0],[0.14,-0.089],[0,0],[0,0],[55.344,-22.837],[1.296,-4.751],[-20.863,-61.839],[-29.117,-38.36],[-14.731,-12.534],[-1.289,-0.924],[0,0],[-0.133,0.113],[0,0],[0,0],[-11.111,8.854],[-28.395,38.899],[-19.427,62.303]],"o":[[-1.296,-4.751],[-55.344,-22.837],[0,0],[0,0],[-0.14,-0.089],[0,0],[-5.727,3.632],[-58.093,23.972],[-1.296,4.751],[21.321,63.198],[26.418,34.806],[10.908,9.281],[0,0],[0,0],[0.163,0.115],[0,0],[1.248,-1.052],[13.821,-11.015],[29.089,-39.846],[21.439,-68.755]],"v":[[226.757,-189.612],[123.097,-229.349],[0.216,-294.725],[0.216,-295],[0,-294.862],[-0.216,-295],[-0.216,-294.725],[-123.097,-229.349],[-226.757,-189.612],[-201.706,3.888],[-119.641,170.607],[-16.845,281.179],[-0.216,294.698],[-0.216,295],[-0.023,294.835],[0.216,295],[0.216,294.633],[16.845,281.179],[119.641,170.607],[201.705,3.888]],"c":true},"ix":2},"nm":"Path 1","mn":"ADBE Vector Shape - Group","hd":false},{"ind":1,"ty":"sh","ix":2,"ks":{"a":0,"k":{"i":[[0,13.9],[18.694,0],[0,-18.706],[-11.971,-5.22],[0,0],[0,0],[0,0]],"o":[[0,-18.706],[-18.693,0],[0,13.9],[0,0],[0,0],[0,0],[11.971,-5.22]],"v":[[34.891,-24.63],[1.044,-58.5],[-32.803,-24.63],[-12.46,6.428],[-24.252,86.246],[26.34,86.246],[14.549,6.428]],"c":true},"ix":2},"nm":"Path 2","mn":"ADBE Vector Shape - Group","hd":false},{"ty":"mm","mm":3,"nm":"Merge Paths 1","mn":"ADBE Vector Filter - Merge","hd":false},{"ty":"fl","c":{"a":0,"k":[1,0,0,1],"ix":4},"o":{"a":0,"k":100,"ix":5},"r":1,"nm":"Fill 1","mn":"ADBE Vector Graphic - Fill","hd":false},{"ty":"tr","p":{"a":0,"k":[230.553,297.5],"ix":2},"a":{"a":0,"k":[0,0],"ix":1},"s":{"a":0,"k":[100,100],"ix":3},"r":{"a":0,"k":0,"ix":6},"o":{"a":0,"k":100,"ix":7},"sk":{"a":0,"k":0,"ix":4},"sa":{"a":0,"k":0,"ix":5},"nm":"Transform"}],"nm":"Group 1","np":5,"cix":2,"ix":1,"mn":"ADBE Vector Group","hd":false}],"ip":0,"op":150,"st":-1,"bm":0},{"ddd":0,"ind":8,"ty":0,"nm":"cyphers","parent":11,"tt":1,"refId":"comp_47","sr":1,"ks":{"o":{"a":0,"k":100,"ix":11},"r":{"a":0,"k":0,"ix":10},"p":{"a":0,"k":[421,595.5,0],"ix":2},"a":{"a":0,"k":[421,595.5,0],"ix":1},"s":{"a":0,"k":[100,100,100],"ix":6}},"ao":0,"hasMask":true,"masksProperties":[{"inv":false,"mode":"n","pt":{"a":1,"k":[{"i":{"x":0.833,"y":0.833},"o":{"x":0.167,"y":0.167},"n":"0p833_0p833_0p167_0p167","t":21,"s":[{"i":[[0,0],[0,0],[0,0],[0,0]],"o":[[0,0],[0,0],[0,0],[0,0]],"v":[[662,318],[200,318],[200,912],[662,912]],"c":true}],"e":[{"i":[[0,0],[0,0],[0,0],[0,0]],"o":[[0,0],[0,0],[0,0],[0,0]],"v":[[662,906],[200,906],[200,912],[662,912]],"c":true}]},{"t":35}],"ix":1},"o":{"a":0,"k":100,"ix":3},"x":{"a":0,"k":0,"ix":4},"nm":"Mask 1"}],"ef":[{"ty":21,"nm":"Fill","np":9,"mn":"ADBE Fill","ix":1,"en":1,"ef":[{"ty":10,"nm":"Fill Mask","mn":"ADBE Fill-0001","ix":1,"v":{"a":0,"k":0,"ix":1}},{"ty":7,"nm":"All Masks","mn":"ADBE Fill-0007","ix":2,"v":{"a":0,"k":0,"ix":2}},{"ty":2,"nm":"Color","mn":"ADBE Fill-0002","ix":3,"v":{"a":0,"k":[0.57647061348,0.57647061348,0.57647061348,1],"ix":3}},{"ty":7,"nm":"Invert","mn":"ADBE Fill-0006","ix":4,"v":{"a":0,"k":0,"ix":4}},{"ty":0,"nm":"Horizontal Feather","mn":"ADBE Fill-0003","ix":5,"v":{"a":0,"k":0,"ix":5}},{"ty":0,"nm":"Vertical Feather","mn":"ADBE Fill-0004","ix":6,"v":{"a":0,"k":0,"ix":6}},{"ty":0,"nm":"Opacity","mn":"ADBE Fill-0005","ix":7,"v":{"a":0,"k":1,"ix":7}}]}],"w":842,"h":1191,"ip":0,"op":26,"st":-40,"bm":0},{"ddd":0,"ind":9,"ty":4,"nm":"Shield Outlines 2","parent":11,"td":1,"sr":1,"ks":{"o":{"a":0,"k":100,"ix":11},"r":{"a":0,"k":0,"ix":10},"p":{"a":0,"k":[428.163,609.453,0],"ix":2},"a":{"a":0,"k":[230.553,297.5,0],"ix":1},"s":{"a":0,"k":[100,100,100],"ix":6}},"ao":0,"shapes":[{"ty":"gr","it":[{"ind":0,"ty":"sh","ix":1,"ks":{"a":0,"k":{"i":[[1.296,4.751],[58.093,23.972],[5.727,3.632],[0,0],[0.14,-0.089],[0,0],[0,0],[55.344,-22.837],[1.296,-4.751],[-20.863,-61.839],[-29.117,-38.36],[-14.731,-12.534],[-1.289,-0.924],[0,0],[-0.133,0.113],[0,0],[0,0],[-11.111,8.854],[-28.395,38.899],[-19.427,62.303]],"o":[[-1.296,-4.751],[-55.344,-22.837],[0,0],[0,0],[-0.14,-0.089],[0,0],[-5.727,3.632],[-58.093,23.972],[-1.296,4.751],[21.321,63.198],[26.418,34.806],[10.908,9.281],[0,0],[0,0],[0.163,0.115],[0,0],[1.248,-1.052],[13.821,-11.015],[29.089,-39.846],[21.439,-68.755]],"v":[[226.757,-189.612],[123.097,-229.349],[0.216,-294.725],[0.216,-295],[0,-294.862],[-0.216,-295],[-0.216,-294.725],[-123.097,-229.349],[-226.757,-189.612],[-201.706,3.888],[-119.641,170.607],[-16.845,281.179],[-0.216,294.698],[-0.216,295],[-0.023,294.835],[0.216,295],[0.216,294.633],[16.845,281.179],[119.641,170.607],[201.705,3.888]],"c":true},"ix":2},"nm":"Path 1","mn":"ADBE Vector Shape - Group","hd":false},{"ind":1,"ty":"sh","ix":2,"ks":{"a":0,"k":{"i":[[0,13.9],[18.694,0],[0,-18.706],[-11.971,-5.22],[0,0],[0,0],[0,0]],"o":[[0,-18.706],[-18.693,0],[0,13.9],[0,0],[0,0],[0,0],[11.971,-5.22]],"v":[[34.891,-24.63],[1.044,-58.5],[-32.803,-24.63],[-12.46,6.428],[-24.252,86.246],[26.34,86.246],[14.549,6.428]],"c":true},"ix":2},"nm":"Path 2","mn":"ADBE Vector Shape - Group","hd":false},{"ty":"mm","mm":3,"nm":"Merge Paths 1","mn":"ADBE Vector Filter - Merge","hd":false},{"ty":"fl","c":{"a":0,"k":[1,0,0,1],"ix":4},"o":{"a":0,"k":100,"ix":5},"r":1,"nm":"Fill 1","mn":"ADBE Vector Graphic - Fill","hd":false},{"ty":"tr","p":{"a":0,"k":[230.553,297.5],"ix":2},"a":{"a":0,"k":[0,0],"ix":1},"s":{"a":0,"k":[100,100],"ix":3},"r":{"a":0,"k":0,"ix":6},"o":{"a":0,"k":100,"ix":7},"sk":{"a":0,"k":0,"ix":4},"sa":{"a":0,"k":0,"ix":5},"nm":"Transform"}],"nm":"Group 1","np":5,"cix":2,"ix":1,"mn":"ADBE Vector Group","hd":false}],"ip":0,"op":150,"st":0,"bm":0},{"ddd":0,"ind":10,"ty":0,"nm":"cyphers","parent":11,"tt":1,"refId":"comp_47","sr":1,"ks":{"o":{"a":0,"k":100,"ix":11},"r":{"a":0,"k":0,"ix":10},"p":{"a":0,"k":[421,595.5,0],"ix":2},"a":{"a":0,"k":[421,595.5,0],"ix":1},"s":{"a":0,"k":[100,100,100],"ix":6}},"ao":0,"hasMask":true,"masksProperties":[{"inv":true,"mode":"n","pt":{"a":1,"k":[{"i":{"x":0.833,"y":0.833},"o":{"x":0.167,"y":0.167},"n":"0p833_0p833_0p167_0p167","t":21,"s":[{"i":[[0,0],[0,0],[0,0],[0,0]],"o":[[0,0],[0,0],[0,0],[0,0]],"v":[[662,318],[200,318],[200,912],[662,912]],"c":true}],"e":[{"i":[[0,0],[0,0],[0,0],[0,0]],"o":[[0,0],[0,0],[0,0],[0,0]],"v":[[662,906],[200,906],[200,912],[662,912]],"c":true}]},{"t":35}],"ix":1},"o":{"a":0,"k":100,"ix":3},"x":{"a":0,"k":0,"ix":4},"nm":"Mask 1"}],"ef":[{"ty":21,"nm":"Fill","np":9,"mn":"ADBE Fill","ix":1,"en":1,"ef":[{"ty":10,"nm":"Fill Mask","mn":"ADBE Fill-0001","ix":1,"v":{"a":0,"k":0,"ix":1}},{"ty":7,"nm":"All Masks","mn":"ADBE Fill-0007","ix":2,"v":{"a":0,"k":0,"ix":2}},{"ty":2,"nm":"Color","mn":"ADBE Fill-0002","ix":3,"v":{"a":0,"k":[0.57647061348,0.57647061348,0.57647061348,1],"ix":3}},{"ty":7,"nm":"Invert","mn":"ADBE Fill-0006","ix":4,"v":{"a":0,"k":0,"ix":4}},{"ty":0,"nm":"Horizontal Feather","mn":"ADBE Fill-0003","ix":5,"v":{"a":0,"k":0,"ix":5}},{"ty":0,"nm":"Vertical Feather","mn":"ADBE Fill-0004","ix":6,"v":{"a":0,"k":0,"ix":6}},{"ty":0,"nm":"Opacity","mn":"ADBE Fill-0005","ix":7,"v":{"a":0,"k":1,"ix":7}}]}],"w":842,"h":1191,"ip":26,"op":62,"st":21,"bm":0},{"ddd":0,"ind":11,"ty":3,"nm":"Dark Blue Solid 1","sr":1,"ks":{"o":{"a":0,"k":100,"ix":11},"r":{"a":0,"k":0,"ix":10},"p":{"a":0,"k":[300,284,0],"ix":2},"a":{"a":0,"k":[421,595.5,0],"ix":1},"s":{"a":0,"k":[100,100,100],"ix":6}},"ao":0,"ip":0,"op":150,"st":0,"bm":0}],"markers":[{"tm":60,"cm":"2","dr":0}],"chars":[{"ch":"6","size":31,"style":"Hairline","w":58.7,"data":{"shapes":[{"ty":"gr","it":[{"ind":0,"ty":"sh","ix":1,"ks":{"a":0,"k":{"i":[[5.74,0],[0,-22.256],[-16.113,0],[0,13.898],[13.495,0],[2.216,-11.783],[-17.523,0],[-5.035,-2.618],[0,0]],"o":[[-16.617,0],[0,21.753],[13.495,0],[0,-13.596],[-12.79,0],[-2.316,-26.889],[5.539,0],[0,0],[-5.74,-2.719]],"v":[[32.831,-70.395],[6.042,-33.334],[31.824,0],[54.08,-22.357],[32.227,-44.11],[8.459,-25.076],[33.032,-68.381],[50.052,-64.151],[51.059,-65.964]],"c":true},"ix":2},"nm":"6","mn":"ADBE Vector Shape - Group","hd":false},{"ind":1,"ty":"sh","ix":2,"ks":{"a":0,"k":{"i":[[-13.797,0],[0,-12.085],[12.186,0],[0,7.956]],"o":[[11.984,0],[0,12.689],[-14.905,0],[0,-10.474]],"v":[[32.227,-42.096],[52.066,-22.559],[31.32,-2.014],[10.172,-21.753]],"c":true},"ix":2},"nm":"6","mn":"ADBE Vector Shape - Group","hd":false}],"nm":"6","np":5,"cix":2,"ix":1,"mn":"ADBE Vector Group","hd":false}]},"fFamily":"Montserrat"},{"ch":"5","size":31,"style":"Hairline","w":54.7,"data":{"shapes":[{"ty":"gr","it":[{"ind":0,"ty":"sh","ix":1,"ks":{"a":0,"k":{"i":[[0,0],[0,0],[0,0],[0,0],[-5.136,0],[0,-10.574],[12.689,0],[6.042,3.928],[0,0],[-6.949,0],[0,13.596],[13.797,0],[4.935,-1.712],[0,0]],"o":[[0,0],[0,0],[0,0],[5.438,-2.216],[12.488,0],[0,12.387],[-6.445,0],[0,0],[6.244,4.129],[13.898,0],[0,-11.783],[-4.431,0],[0,0],[0,0]],"v":[[46.527,-68.381],[46.527,-70.395],[8.963,-70.395],[8.963,-36.356],[26.385,-39.981],[47.031,-22.559],[26.184,-2.216],[5.539,-8.661],[4.532,-7.05],[26.184,-0.201],[49.045,-22.559],[26.385,-41.995],[10.977,-39.175],[10.977,-68.381]],"c":true},"ix":2},"nm":"5","mn":"ADBE Vector Shape - Group","hd":false}],"nm":"5","np":3,"cix":2,"ix":1,"mn":"ADBE Vector Group","hd":false}]},"fFamily":"Montserrat"},{"ch":"4","size":31,"style":"Hairline","w":54.3,"data":{"shapes":[{"ty":"gr","it":[{"ind":0,"ty":"sh","ix":1,"ks":{"a":0,"k":{"i":[[0,0],[0,0],[0,0],[0,0],[0,0],[0,0],[0,0],[0,0],[0,0],[0,0],[0,0],[0,0],[0,0],[0,0],[0,0]],"o":[[0,0],[0,0],[0,0],[0,0],[0,0],[0,0],[0,0],[0,0],[0,0],[0,0],[0,0],[0,0],[0,0],[0,0],[0,0]],"v":[[5.438,-22.961],[32.73,-70.395],[30.414,-70.395],[3.424,-23.465],[3.424,-20.947],[37.463,-20.947],[37.463,0],[39.478,0],[39.478,-20.947],[50.757,-20.947],[50.757,-22.961],[39.478,-22.961],[39.478,-45.419],[37.463,-45.419],[37.463,-22.961]],"c":true},"ix":2},"nm":"4","mn":"ADBE Vector Shape - Group","hd":false}],"nm":"4","np":3,"cix":2,"ix":1,"mn":"ADBE Vector Group","hd":false}]},"fFamily":"Montserrat"},{"ch":"1","size":31,"style":"Hairline","w":34.5,"data":{"shapes":[{"ty":"gr","it":[{"ind":0,"ty":"sh","ix":1,"ks":{"a":0,"k":{"i":[[0,0],[0,0],[0,0],[0,0],[0,0],[0,0]],"o":[[0,0],[0,0],[0,0],[0,0],[0,0],[0,0]],"v":[[19.336,0],[19.336,-70.395],[2.216,-70.395],[2.216,-68.381],[17.322,-68.381],[17.322,0]],"c":true},"ix":2},"nm":"1","mn":"ADBE Vector Shape - Group","hd":false}],"nm":"1","np":3,"cix":2,"ix":1,"mn":"ADBE Vector Group","hd":false}]},"fFamily":"Montserrat"},{"ch":"2","size":31,"style":"Hairline","w":57,"data":{"shapes":[{"ty":"gr","it":[{"ind":0,"ty":"sh","ix":1,"ks":{"a":0,"k":{"i":[[12.286,0],[5.539,-5.74],[0,0],[-6.848,0],[0,-8.963],[7.15,-7.452],[0,0],[0,0],[0,0],[0,0],[0,0],[0,0],[0,6.042]],"o":[[-7.352,0],[0,0],[5.136,-5.338],[11.078,0],[0,5.539],[0,0],[0,0],[0,0],[0,0],[0,0],[0,0],[7.553,-7.855],[0,-10.172]],"v":[[25.983,-70.395],[5.237,-61.23],[6.647,-59.821],[25.983,-68.381],[43.808,-53.979],[32.327,-33.032],[5.136,-2.82],[5.136,0],[51.059,0],[51.059,-2.014],[7.15,-2.014],[33.737,-31.622],[45.822,-53.979]],"c":true},"ix":2},"nm":"2","mn":"ADBE Vector Shape - Group","hd":false}],"nm":"2","np":3,"cix":2,"ix":1,"mn":"ADBE Vector Group","hd":false}]},"fFamily":"Montserrat"},{"ch":"8","size":31,"style":"Hairline","w":60.1,"data":{"shapes":[{"ty":"gr","it":[{"ind":0,"ty":"sh","ix":1,"ks":{"a":0,"k":{"i":[[12.991,0],[0,-10.574],[-8.157,-2.518],[0,-9.567],[-15.106,0],[0,12.387],[10.071,2.417],[0,8.258]],"o":[[-12.991,0],[0,8.258],[-10.071,2.417],[0,12.387],[15.005,0],[0,-9.567],[8.157,-2.518],[0,-10.574]],"v":[[30.313,-70.395],[9.265,-53.677],[22.256,-37.665],[6.042,-19.537],[30.313,0],[54.483,-19.537],[38.269,-37.665],[51.26,-53.677]],"c":true},"ix":2},"nm":"8","mn":"ADBE Vector Shape - Group","hd":false},{"ind":1,"ty":"sh","ix":2,"ks":{"a":0,"k":{"i":[[-11.783,0],[0,-9.265],[11.783,0],[0,9.366]],"o":[[11.783,0],[0,9.366],[-11.783,0],[0,-9.265]],"v":[[30.313,-68.381],[49.246,-53.476],[30.313,-38.37],[11.279,-53.476]],"c":true},"ix":2},"nm":"8","mn":"ADBE Vector Shape - Group","hd":false},{"ind":2,"ty":"sh","ix":3,"ks":{"a":0,"k":{"i":[[-13.696,0],[0,-10.272],[13.696,0],[0,11.078]],"o":[[13.898,0],[0,11.078],[-13.898,0],[0,-10.272]],"v":[[30.212,-36.356],[52.469,-19.638],[30.313,-2.014],[8.057,-19.739]],"c":true},"ix":2},"nm":"8","mn":"ADBE Vector Shape - Group","hd":false}],"nm":"8","np":6,"cix":2,"ix":1,"mn":"ADBE Vector Group","hd":false}]},"fFamily":"Montserrat"},{"ch":"9","size":31,"style":"Hairline","w":58.7,"data":{"shapes":[{"ty":"gr","it":[{"ind":0,"ty":"sh","ix":1,"ks":{"a":0,"k":{"i":[[-5.74,0],[0,22.256],[16.113,0],[0,-13.898],[-13.495,0],[-2.216,11.783],[17.523,0],[5.035,2.618],[0,0]],"o":[[16.617,0],[0,-21.753],[-13.495,0],[0,13.596],[12.79,0],[2.316,26.889],[-5.539,0],[0,0],[5.74,2.719]],"v":[[27.292,0],[54.08,-37.061],[28.299,-70.395],[6.042,-48.038],[27.896,-26.285],[51.663,-45.319],[27.09,-2.014],[10.071,-6.244],[9.064,-4.431]],"c":true},"ix":2},"nm":"9","mn":"ADBE Vector Shape - Group","hd":false},{"ind":1,"ty":"sh","ix":2,"ks":{"a":0,"k":{"i":[[13.797,0],[0,12.085],[-12.186,0],[0,-7.956]],"o":[[-11.984,0],[0,-12.689],[14.905,0],[0,10.474]],"v":[[27.896,-28.299],[8.057,-47.836],[28.802,-68.381],[49.951,-48.642]],"c":true},"ix":2},"nm":"9","mn":"ADBE Vector Shape - Group","hd":false}],"nm":"9","np":5,"cix":2,"ix":1,"mn":"ADBE Vector Group","hd":false}]},"fFamily":"Montserrat"},{"ch":"7","size":31,"style":"Hairline","w":52.9,"data":{"shapes":[{"ty":"gr","it":[{"ind":0,"ty":"sh","ix":1,"ks":{"a":0,"k":{"i":[[0,0],[0,0],[0,0],[0,0],[0,0],[0,0],[0,0],[0,0],[0,0]],"o":[[0,0],[0,0],[0,0],[0,0],[0,0],[0,0],[0,0],[0,0],[0,0]],"v":[[49.548,-67.877],[49.548,-70.395],[4.33,-70.395],[4.33,-57.101],[6.345,-57.101],[6.345,-68.381],[47.635,-68.381],[16.113,0],[18.329,0]],"c":true},"ix":2},"nm":"7","mn":"ADBE Vector Shape - Group","hd":false}],"nm":"7","np":3,"cix":2,"ix":1,"mn":"ADBE Vector Group","hd":false}]},"fFamily":"Montserrat"},{"ch":"0","size":31,"style":"Hairline","w":67.3,"data":{"shapes":[{"ty":"gr","it":[{"ind":0,"ty":"sh","ix":1,"ks":{"a":0,"k":{"i":[[17.926,0],[0,-22.559],[-17.825,0],[0,22.659]],"o":[[-17.825,0],[0,22.659],[17.926,0],[0,-22.559]],"v":[[33.838,-70.395],[6.042,-35.248],[33.838,0],[61.734,-35.248]],"c":true},"ix":2},"nm":"0","mn":"ADBE Vector Shape - Group","hd":false},{"ind":1,"ty":"sh","ix":2,"ks":{"a":0,"k":{"i":[[-16.617,0],[0,-21.35],[16.617,0],[0,21.35]],"o":[[16.617,0],[0,21.35],[-16.617,0],[0,-21.35]],"v":[[33.838,-68.381],[59.72,-35.248],[33.838,-2.014],[8.057,-35.248]],"c":true},"ix":2},"nm":"0","mn":"ADBE Vector Shape - Group","hd":false}],"nm":"0","np":5,"cix":2,"ix":1,"mn":"ADBE Vector Group","hd":false}]},"fFamily":"Montserrat"},{"ch":"3","size":31,"style":"Hairline","w":50.8,"data":{"shapes":[{"ty":"gr","it":[{"ind":0,"ty":"sh","ix":1,"ks":{"a":0,"k":{"i":[[0,0],[0,0],[0,0],[0,0],[0,0],[0,0],[0,0],[0,0],[0,0],[0,-11.078],[13.394,0],[4.935,3.323],[0,0],[-7.15,0],[0,12.589],[14.2,0]],"o":[[0,0],[0,0],[0,0],[0,0],[0,0],[0,0],[0,0],[0,0],[13.394,0],[0,10.977],[-6.747,0],[0,0],[5.338,3.525],[14.401,0],[0,-11.682],[0,0]],"v":[[16.718,-39.679],[41.19,-68.582],[41.19,-70.395],[4.129,-70.395],[4.129,-68.381],[38.47,-68.381],[13.898,-39.478],[13.898,-37.665],[20.947,-37.665],[42.499,-20.847],[21.149,-2.014],[2.518,-7.553],[1.309,-5.942],[21.149,0],[44.513,-21.249],[20.947,-39.679]],"c":true},"ix":2},"nm":"3","mn":"ADBE Vector Shape - Group","hd":false}],"nm":"3","np":3,"cix":2,"ix":1,"mn":"ADBE Vector Group","hd":false}]},"fFamily":"Montserrat"},{"ch":"+","size":31,"style":"Hairline","w":48,"data":{"shapes":[{"ty":"gr","it":[{"ind":0,"ty":"sh","ix":1,"ks":{"a":0,"k":{"i":[[0,0],[0,0],[0,0],[0,0],[0,0],[0,0],[0,0],[0,0],[0,0],[0,0],[0,0],[0,0]],"o":[[0,0],[0,0],[0,0],[0,0],[0,0],[0,0],[0,0],[0,0],[0,0],[0,0],[0,0],[0,0]],"v":[[44.312,-31.219],[44.312,-33.234],[25.177,-33.234],[25.177,-52.368],[23.163,-52.368],[23.163,-33.234],[4.028,-33.234],[4.028,-31.219],[23.163,-31.219],[23.163,-12.085],[25.177,-12.085],[25.177,-31.219]],"c":true},"ix":2},"nm":"+","mn":"ADBE Vector Shape - Group","hd":false}],"nm":"+","np":3,"cix":2,"ix":1,"mn":"ADBE Vector Group","hd":false}]},"fFamily":"Montserrat"}]}